%% This BibTeX bibliography file was created using BibDesk.
%% http://bibdesk.sourceforge.net/


%% Created for Peter Shaw at 2009-07-24 21:12:01 +1000 


%% Saved with string encoding Unicode (UTF-8) 




		
@unpublished{faisal2013,
	Author = {Faisal N. Abu-Khzam},
	Date-Modified = {},
	Keywords = {},
	Title = {{Private discussions with Faisal N. Abu-Khzam}},
	Year = {2013}}



@book{diestel2010,
   author = {Diestel, Reinhard},
   title = {Graph Theory ser},
   publisher = {Springer-Verlag, Heidelberg},
    edition = {4th edition 2010},
   series = {Graduate Texts in Mathematics},
   year = {2010}
}

@book{flum2006,
  title={Parameterized complexity theory},
  author={Flum, J{\"o}rg and Grohe, Martin},
  volume={3},
  year={2006},
  publisher={Springer, Heidelberg}
}

@book{alsuwaiyel1999,
   author = {Alsuwaiyel, M. H.},
   title = {Algorithms: Design Techniques and Analysis},
   publisher = {World Scientific, Singapore},
   year = {1999}
}

@article{thomas2001,
   author = {Thomas, H Cormen and Charles, E Leiserson and Ronald, L Rivest and Clifford, Stein},
   title = {Introduction to algorithms},
   journal = {MIT press, Cambridge},
   year = {2001}
}



@book{garey1979,
   author = {Garey, M.R. and Johnson, D.S.},
   title = {Computers and Intractability: A Guide to the Theory of NP-Completeness},
   publisher = {W. H. Freeman, New York},
   year = {1979}
}




@inproceedings{cook1971,
  title={The complexity of theorem-proving procedures},
  author={Cook, Stephen A},
  booktitle={Proceedings of the third annual ACM symposium on Theory of computing},
  pages={151--158},
  year={1971},
  organization={ACM}
}

@book{niedermeier2006,
   author = {Niedermeier, Rolf},
   title = {Invitation to fixed-parameter algorithms},
   publisher = {Oxford University Press, Oxford},
   volume = {3},
   year = {2006}
}




@book{downey1992,
   author = {Downey, Rodney G and Fellows, Michael R},
   title = {Fixed-parameter tractability and completeness},
   publisher = {Mathematical Sciences Institute, Cornell University, Ithaca},
   year = {1992}
}





@book{zou1985,
   author = {Zou, Haiming and Yu, Xiangxuan},
   title = {Fundamentals of Computer Algorithms},
   publisher = {Huazhong University of Science and Technology Press, Wuhan},
    year = {1985}
}


@inproceedings{fellows2003,
   author = {Fellows, Michael R},
   title = {Blow-ups, win/win’s, and crown rules: Some new directions in ${FPT}$},
   booktitle = {Graph-Theoretic Concepts in Computer Science},
   publisher = {Springer, Berlin Heidelberg},
   pages = {1-12},
   year = {2003}
}

@article{abu2004,
   author = {Abu-Khzam, Faisal N and Collins, Rebecca L and Fellows, Michael R and Langston, Michael A and Suters, W Henry and Symons, Christopher T},
   title = {Kernelization Algorithms for the Vertex Cover Problem: Theory and Experiments},
   journal = {ALENEX/ANALC},
   volume = {69},
   year = {2004}
}

@article{buss1993,
   author = {Buss, Jonathan F and Goldsmith, Judy},
   title = {Nondeterminism within ${P}^{*}$},
   journal = {SIAM Journal on Computing},
   volume = {22},
   number = {3},
   pages = {560-572},
   year = {1993}
}


@inproceedings{papadimitriou1993,
  title={On limited nondeterminism and the complexity of the VC dimension},
  author={Papadimitriou, Christos H and Yannakakis, Mihalis},
  booktitle={Structure in Complexity Theory Conference, 1993., Proceedings of the Eighth Annual},
  pages={12--18},
  year={1993},
  organization={IEEE}
}




@article{balasubramanian1998,
  title={An improved fixed-parameter algorithm for vertex cover},
  author={Balasubramanian, R and Fellows, Michael R and Raman, Venkatesh},
  journal={Information Processing Letters},
  volume={65},
  number={3},
  pages={163--168},
  year={1998},
  publisher={Elsevier}
}

@article{kirkpatrick1983,
   author = {Kirkpatrick, Scott and Jr., D. Gelatt and Vecchi, Mario P},
   title = {Optimization by simmulated annealing},
   journal = {science},
   volume = {220},
   number = {4598},
   pages = {671-680},
   year = {1983}
} 




@webpage{anthony2012,
	Author = {Anthony Perez},
	Date-Modified = {},
	Keywords = {},
	Title = {Online Compendium of Parameterized Problems},
	Url = {{http://www.compendium-fpt.com/}},
	Year = {2012}
}
 


@book{tahchiev2010,
  title={Junit in action},
  author={Tahchiev, Petar and Leme, Felipe and Massol, Vincent and Gregory, Gary},
  year={2010},
  publisher={Manning Publications Co., Stamford}
}

@book{sommerville2011,
   author = {Sommerville, Ian},
   title = {Software Engineering},
   publisher = {Pearson Education, London},
   year = {2011}
}

@article{chen2010,
   author = {Chen, Jianer and Kanj, Iyad A and Xia, Ge},
   title = {Improved upper bounds for vertex cover},
   journal = {Theoretical Computer Science},
   volume = {411},
   number = {40},
   pages = {3736-3756},
   year = {2010}
}

@book{downey1995,
   author = {Downey, Rodney G and Fellows, Michael R},
   title = {Parameterized computational feasibility},
   publisher = {Springer, Boston},
   year = {1995}
}


@inbook{dehne2004,
   author = {Dehne, Frank and Fellows, Mike and Rosamond, Frances and Shaw, Peter},
   title = {Greedy localization, iterative compression, and modeled crown reductions: New FPT techniques, an improved algorithm for set splitting, and a novel 2$k$ kernelization for Vertex Cover},
   booktitle = {Parameterized and Exact Computation},
   publisher = {Springer, Berlin Heidelberg},
   pages = {271-280},
   year = {2004}
}


@article{guo2005,
   author = {Guo, Jiong and Niedermeier, Rolf},
   title = {Fixed‐parameter tractability and data reduction for multicut in trees},
   journal = {Networks},
   volume = {46},
   number = {3},
   pages = {124-135},
   year = {2005}
}



@book{wilf2002,
  title={Algorithms and Complexity},
  author={Herbert S. Wilf},
  isbn={9781568811789},
  lccn={2002072765},
  series={Ak Peters Series},
  url={http://books.google.com.au/books?id=jGD9pNFKI2UC},
  year={2002},
  publisher={Taylor \& Francis, Florida},
  edition={2nd}
}




@misc{icpc2013,
   author = {International Collegiate Programming Content},
   title = {About ${ICPC}$},
   number = {16 September 2013},
   year = {2013}
}


@misc{csus2012,
   author = {California State University Sacramento},
   title = {An Overview of ${PC^{2}}$ },
   number = {16 September 2013},
   year = {2012}
}


@misc{eldering2013,
   author = {Eldering, Jaap and Johnson, Keith and Kinkhorst, Thijs and Werth, Tobias},
   title = {DOMjudge - Introduction},
   number = {16 September 2013},
   year = {2013}
}


@article{rumbaugh1999,
  title={The unified modeling language reference manual},
  author={Rumbaugh, James and Jacobson, Ivar and Booch, Grady},
  year={1999},
  publisher={Addison-Wesley Professional, Boston}
}


@book{gamma1993,
   author = {Gamma, Erich and Helm, Richard and Johnson, Ralph and Vlissides, John},
   title = {Design patterns: Abstraction and reuse of object-oriented design},
   publisher = {Springer, Berlin Heidelberg},
   year = {1993}
}

@inproceedings{muller2005,
   author = {Muller, Joseph},
   title = {What are the benefits of Aspect Oriented Programming to project iterations developed using Agile Processes?},
   booktitle = {Rensselaer at Hartford Computer Science Seminar},
year={2005}
}

@book{cohn2004,
   author = {Cohn, Mike},
   title = {User stories applied: For agile software development},
   publisher = {Addison-Wesley Professional, Boston},
   year = {2004}
}


@book{beck2003,
   author = {Beck, Kent},
   title = {Test-driven development: by example},
   publisher = {Addison-Wesley Professional, Boston},
   year = {2003}
}


@inbook{wang2011,
   author = {Wang, Jianxin and Yang, Yongjie and Guo, Jiong and Chen, Jianer},
   title = {Linear problem kernels for planar graph problems with small distance property},
   booktitle = {Mathematical Foundations of Computer Science 2011},
   publisher = {Springer, Berlin Heidelberg},
   pages = {592-603},
   year = {2011}
}

@article{kowalik2012,
   author = {Kowalik, Łukasz and Pilipczuk, Marcin and Suchan, Karol},
   title = {Towards optimal kernel for connected vertex cover in planar graphs},
   journal = {Discrete Applied Mathematics},
   year = {2012}
}

@article{alber2004,
   author = {Alber, Jochen and Fellows, Michael R and Niedermeier, Rolf},
   title = {Polynomial-time data reduction for dominating set},
   journal = {Journal of the ACM (JACM)},
   volume = {51},
   number = {3},
   pages = {363-384},
   year = {2004}
}


@inproceedings{jianer2005,
	Author = {Jianer Chen and Henning Fernau and Iyad A. Kanj and Ge Xia},
	Booktitle = {In Proc. 22nd STACS, volume 3404 of LNCS},
	Date-Modified = {2008-09-02 14:44:36 +1000},
	Pages = {269--280},
	Publisher = {Springer, Berlin Heidelberg},
	Title = {{Parametric Duality:  and Kernelization : Lower Bounds and Upper Bounds on Kernel Size}},
	Year = {2005}}
}

@incollection{dehne2006,
  title={Nonblocker: parameterized algorithmics for minimum dominating set},
  author={Dehne, Frank and Fellows, Michael and Fernau, Henning and Prieto, Elena and Rosamond, Frances},
  booktitle={SOFSEM 2006: Theory and Practice of Computer Science},
  pages={237--245},
  year={2006},
  publisher={Springer, Berlin Heidelberg}
}
	
@incollection{xiao2010,
  title={A note on vertex cover in graphs with maximum degree 3},
  author={Xiao, Mingyu},
  booktitle={Computing and Combinatorics},
  pages={150--159},
  year={2010},
  publisher={Springer, Berlin Heidelberg}
}

@misc{saurabh2013,
   author = {Saurabh, Saket},
   title = {Table of ${FPT}$ races},
   number = {31 Oct 2013},
   year = {2013}
}




@inproceedings{chor2005,
  title={Linear kernels in linear time, or how to save k colors in O (n 2) steps},
  author={Chor, Benny and Fellows, Mike and Juedes, David},
  booktitle={Graph-theoretic concepts in computer science},
  pages={257--269},
  year={2005},
  organization={Springer, Berlin Heidelberg}
}


@book{kiczales1997,
   author = {Kiczales, Gregor and Lamping, John and Mendhekar, Anurag and Maeda, Chris and Lopes, Cristina and Loingtier, Jean-Marc and Irwin, John},
   title = {Aspect-oriented programming},
   publisher = {Springer, Berlin Heidelberg},
   year = {1997}
}


@book{kunen1980,
  title={Set theory},
  author={Kunen, Kenneth},
  year={1980},
  publisher={North-Holland Publishing Company, Netherlands}
}

@article{gallai1959,
  title={{\"U}ber extreme punkt-und kantenmengen},
  author={Gallai, Tibor},
  journal={Ann. Univ. Sci. Budapest, E{\"o}tv{\"o}s Sect. Math},
  volume={2},
  pages={133--138},
  year={1959}
}

@article{allan1978,
   author = {Allan, Robert B and Laskar, Renu},
   title = {On domination and independent domination numbers of a graph},
   journal = {Discrete Mathematics},
   volume = {23},
   number = {2},
   pages = {73-76},
   year = {1978}
}

@book{downey1999,
  title={Parameterized Complexity},
  author={R. Rod G. Downey and Fellows, M.R.},
  isbn={9780387948836},
  lccn={97022882},
  series={Monographs in Computer Science},
  url={http://books.google.com.au/books?id=pt5QAAAAMAAJ},
  year={1999},
  publisher={Springer Verlag, New York}
}



@book{karp1972,
  title={Reducibility among combinatorial problems},
  author={Karp, Richard M},
  year={1972},
  publisher={Springer, New York}
}
